<marcxml:record xmlns:marcxml="http://www.loc.gov/MARC21/slim" xmlns:idx="info:lc/xq-modules/lcindex" xmlns:madsrdf="http://www.loc.gov/mads/rdf/v1#" xmlns:ri="http://id.loc.gov/ontologies/RecordInfo#" xmlns:xlink="http://www.w3.org/1999/xlink" xmlns:rdf="http://www.w3.org/1999/02/22-rdf-syntax-ns#" xmlns:mets="http://www.loc.gov/METS/" xmlns:semtriples="http://marklogic.com/semantic" xmlns:xsi="http://www.w3.org/2001/XMLSchema-instance" xmlns:streams="info:lc/streams#">
            <marcxml:leader>00629cz  a2200205n  4500</marcxml:leader>
            <marcxml:controlfield tag="001">n50052819</marcxml:controlfield>
            <marcxml:controlfield tag="003">DLC</marcxml:controlfield>
            <marcxml:controlfield tag="005">20170601073836.0</marcxml:controlfield>
            <marcxml:controlfield tag="008">801021n| azannaabn          |a ana      </marcxml:controlfield>
            <marcxml:datafield tag="010" ind1=" " ind2=" ">
              <marcxml:subfield code="a">n  50052819 </marcxml:subfield>
            </marcxml:datafield>
            <marcxml:datafield tag="035" ind1=" " ind2=" ">
              <marcxml:subfield code="a">(OCoLC)oca00087699</marcxml:subfield>
            </marcxml:datafield>
            <marcxml:datafield tag="040" ind1=" " ind2=" ">
              <marcxml:subfield code="a">DLC</marcxml:subfield>
              <marcxml:subfield code="b">eng</marcxml:subfield>
              <marcxml:subfield code="e">rda</marcxml:subfield>
              <marcxml:subfield code="c">DLC</marcxml:subfield>
              <marcxml:subfield code="d">DLC</marcxml:subfield>
              <marcxml:subfield code="d">InU</marcxml:subfield>
            </marcxml:datafield>
            <marcxml:datafield tag="110" ind1="2" ind2=" ">
              <marcxml:subfield code="a">Ny Carlsberg glyptotek</marcxml:subfield>
            </marcxml:datafield>
            <marcxml:datafield tag="410" ind1="1" ind2=" ">
              <marcxml:subfield code="a">Copenhagen (Denmark).</marcxml:subfield>
              <marcxml:subfield code="b">Ny Carlsberg glyptotek</marcxml:subfield>
            </marcxml:datafield>
            <marcxml:datafield tag="410" ind1="1" ind2=" ">
              <marcxml:subfield code="w">nnaa</marcxml:subfield>
              <marcxml:subfield code="a">Copenhagen.</marcxml:subfield>
              <marcxml:subfield code="b">Ny Carlsberg glyptotek</marcxml:subfield>
            </marcxml:datafield>
            <marcxml:datafield tag="410" ind1="2" ind2=" ">
              <marcxml:subfield code="a">Ny Carlsberg glyptothek</marcxml:subfield>
            </marcxml:datafield>
            <marcxml:datafield tag="670" ind1=" " ind2=" ">
              <marcxml:subfield code="a">Simonsen, D. Skulpturer og indskrifter fra Palmyra i Ny Carlsberg glyptothek, 1889.</marcxml:subfield>
            </marcxml:datafield>
            <marcxml:datafield tag="678" ind1=" " ind2=" ">
              <marcxml:subfield code="a">Formed 1882</marcxml:subfield>
            </marcxml:datafield>
          </marcxml:record>
